@inproceedings{joly2012l1,
  title={L1-based compression of random forest models},
  author={Joly, Arnaud and Schnitzler, Fran{\c{c}}ois and Geurts, Pierre and Wehenkel, Louis},
  booktitle={European Symposium on Artificial Neural Networks, Computational Intelligence and Machine Learning},
  year={2012}
}

@article{sutera2014simple,
  title={Simple connectome inference from partial correlation statistics in calcium imaging},
  author={Sutera, Antonio and Joly, Arnaud and Fran{\c{c}}ois-Lavet, Vincent and Qiu, Zixiao Aaron and Louppe, Gilles and Ernst, Damien and Geurts, Pierre},
  journal={arXiv preprint arXiv:1406.7865},
  year={2014}
}

@incollection{joly2014random,
  title={Random forests with random projections of the output space for high dimensional multi-label classification},
  author={Joly, Arnaud and Geurts, Pierre and Wehenkel, Louis},
  booktitle={Machine Learning and Knowledge Discovery in Databases},
  pages={607--622},
  year={2014},
  publisher={Springer}
}
